<?xml version="1.0" encoding="UTF-8"?><collection xmlns="http://www.loc.gov/MARC21/slim"><record><leader>00475nam--2200169-u-4500</leader><controlfield tag="001">000056328</controlfield><controlfield tag="002">20161230</controlfield><controlfield tag="005">20170126145744</controlfield><controlfield tag="008">150702s1000------------r-----000-0-eng-d</controlfield><datafield ind1=" " ind2=" " tag="040"><subfield code="a">IFIN-HH</subfield></datafield><datafield ind1="1" ind2=" " tag="100"><subfield code="a">Leo, W.R</subfield></datafield><datafield ind1="1" ind2="0" tag="245"><subfield code="a">Techniques for Nuclear and Particle Physics Experiments.A How-to Approach</subfield><subfield code="c">W.R. Leo</subfield></datafield><datafield ind1=" " ind2=" " tag="250"><subfield code="a">Second Revised Edition</subfield></datafield><datafield ind1=" " ind2=" " tag="260"><subfield code="a">Berlin</subfield><subfield code="b">Springer Verlag</subfield><subfield code="c">1994</subfield></datafield><datafield ind1=" " ind2=" " tag="300"><subfield code="a">XVIII+378P</subfield></datafield><datafield ind1=" " ind2=" " tag="852"><subfield code="a">82405</subfield><subfield code="c">539</subfield></datafield><datafield ind1=" " ind2=" " tag="CAT"><subfield code="a">SYS</subfield><subfield code="c">20170126</subfield><subfield code="h">145744</subfield></datafield></record></collection>